<?xml version="1.0" encoding="UTF-8"?><record xmlns="http://www.loc.gov/MARC21/slim" xmlns:cinclude="http://apache.org/cocoon/include/1.0" xmlns:zs="http://www.loc.gov/zing/srw/">
  <leader>00367nz  a2200121n  4500</leader>
  <controlfield tag="001">no 94006775 </controlfield>
  <controlfield tag="003">DLC</controlfield>
  <controlfield tag="005">19940303141019.7</controlfield>
  <controlfield tag="008">940302n| acannaab|          |n aaa     c</controlfield>
  <datafield tag="010" ind1=" " ind2=" ">
    <subfield code="a">no 94006775 </subfield>
  </datafield>
  <datafield tag="040" ind1=" " ind2=" ">
    <subfield code="a">ICU</subfield>
    <subfield code="c">ICU</subfield>
  </datafield>
  <datafield tag="100" ind1="1" ind2="0">
    <subfield code="a">Ferwerda, Tineke</subfield>
  </datafield>
  <datafield tag="670" ind1=" " ind2=" ">
    <subfield code="a">Her Sister Philothea, 1993:</subfield>
    <subfield code="b">t.p. (Tineke Ferwerda) p. 4 of cover (social worker, lives in Ommen, The Netherlands)</subfield>
  </datafield>
</record>